@book{hibbeler2004,
author={Hibbeler, R. C.},
title={Engineering Mechanics: Dynamics},
publisher={Pearson Prentice Hall},
year={2004}}
@misc{accelerationWiki,
author={Wikipedia Contributors},
title={Acceleration},
howpublished={\url{https://en.wikipedia.org/wiki/Acceleration}},
month=jun,
year={2019}}
@misc{cartesianWiki,
author={Wikipedia Contributors},
title={Cartesian coordinate system},
howpublished={\url{https://en.wikipedia.org/wiki/Cartesian\_coordinate\_system}},
month=jun,
year={2019}}
@misc{velocityWiki,
author={Wikipedia Contributors},
title={Velocity},
howpublished={\url{https://en.wikipedia.org/wiki/Velocity}},
month=jun,
year={2019}}
